@article{Rayleigh1917,
  author  = {Rayleigh, Lord},
  doi     = {10.1080/14786440808635681},
  issn    = {1941-5982},
  journal = {The London, Edinburgh, and Dublin Philosophical Magazine and Journal of Science},
  month   = {aug},
  number  = {200},
  pages   = {94--98},
  title   = {{VIII. On the pressure developed in a liquid during the collapse of a spherical cavity}},
  url     = {https://www.tandfonline.com/doi/full/10.1080/14786440808635681},
  volume  = {34},
  year    = {1917}
}
